<?xml version="1.0" encoding="UTF-8"?><record xmlns="http://www.loc.gov/MARC21/slim" xmlns:cinclude="http://apache.org/cocoon/include/1.0" xmlns:zs="http://www.loc.gov/zing/srw/">
  <leader>00440nz  a2200133n  4500</leader>
  <controlfield tag="001">no 99026788 </controlfield>
  <controlfield tag="003">DLC</controlfield>
  <controlfield tag="005">19990417051848.9</controlfield>
  <controlfield tag="008">990416n| acannaab|          |n ana     c</controlfield>
  <datafield tag="010" ind1=" " ind2=" ">
    <subfield code="a">no 99026788 </subfield>
  </datafield>
  <datafield tag="035" ind1=" " ind2=" ">
    <subfield code="a">(OCoLC)oca04967200 </subfield>
  </datafield>
  <datafield tag="040" ind1=" " ind2=" ">
    <subfield code="a">OBgU-MA</subfield>
    <subfield code="c">OBgU-MA</subfield>
  </datafield>
  <datafield tag="110" ind1="2" ind2=" ">
    <subfield code="a">1989 Musical Marching Zoo</subfield>
  </datafield>
  <datafield tag="670" ind1=" " ind2=" ">
    <subfield code="a">Kasenetz-Katz Singing Orchestral Circus. The Kasenetz-Katz Singing Orchestral Circus [SR] 1968:</subfield>
    <subfield code="b">container (1989 Musical Marching Zoo)</subfield>
  </datafield>
</record>